@book{myers_categorical_2022,
	title = {Categorical {Systems} {Theory}},
	author = {Myers, David Jaz},
	year = {2022},
	file = {Full Text:/home/jsb20179/Zotero/storage/F9BUEJYC/Myers - 2022 - Categorical Systems Theory.pdf:application/pdf},
}

@article{myers_double_2020,
	title = {Double categories of open dynamical systems},
	journal = {arXiv preprint arXiv:2005.05956},
	author = {Myers, David Jaz},
	year = {2020},
	file = {Full Text:/home/jsb20179/Zotero/storage/ZT7WD5LX/Myers - 2020 - Double categories of open dynamical systems.pdf:application/pdf;Snapshot:/home/jsb20179/Zotero/storage/6ISW9REF/2005.html:text/html},
}

@book{grandis_higher_2019,
	title = {Higher {Dimensional} {Categories}: {From} {Double} to {Multiple} {Categories}},
	shorttitle = {Higher {Dimensional} {Categories}},
	publisher = {World Scientific},
	author = {Grandis, Marco},
	year = {2019},
	file = {Full Text:/home/jsb20179/Zotero/storage/LGNE2TQ8/Grandis - 2019 - Higher Dimensional Categories From Double to Mult.pdf:application/pdf;Grandis - Higher Dimensional Categories\: From Double To Multiple Categories.pdf:/home/jsb20179/data/uni/textbooks/Grandis - Higher Dimensional Categories\: From Double To Multiple Categories.pdf:application/pdf;Snapshot:/home/jsb20179/Zotero/storage/XHIDGQRG/books.html:text/html},
}

@misc{myers2020talk1,
  author       = {Myers, David Jaz},
  title        = {A general definition of open dynamical system},
  year         = {2020},
  url={https://www.youtube.com/watch?v=8T-Km3taNko}
}

@misc{myers2020talk2,
  author       = {Myers, David Jaz},
  title        = {Open dynamical systems, trajectories and hierarchical planning},
  year         = {2020},
  url={https://www.youtube.com/watch?v=3FxeY5DbPn0}
}

@misc{myers2020act_talk,
  author       = {Myers, David Jaz},
  title        = {Double Categories of Open Dynamical Systems},
  year         = {2020},
  url={https://www.youtube.com/watch?v=f9fjf9lo2_M}
}

@misc{myers2021talk,
  author       = {Myers, David Jaz},
  title        = {Paradigms of composition},
  year         = {2020},
  url={https://www.youtube.com/watch?v=50s62D5Ah-M}
}

@misc{capucci2022talk,
	author={Capucci, Matteo},
	title={From categorical systems theory to categorical cybernetics},
	year={2022},
	url={https://www.youtube.com/watch?v=wtgfyjFIHBQ}
}


@article{lerman2018networks,
  title={Networks of open systems},
  author={Lerman, Eugene},
  journal={Journal of Geometry and Physics},
  volume={130},
  pages={81--112},
  year={2018},
  publisher={Elsevier}
}

@article{culbertson2020formal,
  title={Formal composition of hybrid systems},
  author={Culbertson, Jared and Gustafson, Paul and Koditschek, Daniel E and Stiller, Peter F},
  journal={Theory and Applications of Categories},
  volume={35},
  number={45},
  pages={1634--1682},
  year={2020}
}

@article{baez2020structured,
  title={Structured cospans},
  author={Baez, John C and Courser, Kenny},
  journal={Theory and Applications of Categories},
  volume={35},
  number={48},
  pages={1771--1822},
  year={2020}
}

@article{spivak2015steady,
  title={The steady states of coupled dynamical systems compose according to matrix arithmetic},
  author={Spivak, David I},
  note={Available at \url{https://arxiv.org/abs/1512.00802}},
  year={2015}
}

@article{shapiro2022dynamic,
  title={Dynamic categories, dynamic operads: From deep learning to prediction markets},
  author={Shapiro, Brandon and Spivak, David I},
  note={Available at \url{https://arxiv.org/abs/2205.03906}},
  year={2022}
}

@article{smithe2022open,
  title={Open dynamical systems as coalgebras for polynomial functors, with application to predictive processing},
  author={Smithe, Toby St Clere},
  note={Available at \url{https://arxiv.org/abs/2206.03868}},
  year={2022}
}

@incollection{coecke2010categories,
  title={Categories for the practising physicist},
  author={Coecke, Bob and Paquette, Eric Oliver},
  booktitle={New structures for physics},
  pages={173--286},
  year={2010},
  publisher={Springer}
}
@inproceedings{abramsky2004categorical,
  title={A categorical semantics of quantum protocols},
  author={Abramsky, Samson and Coecke, Bob},
  booktitle={Proceedings of the 19th Annual IEEE Symposium on Logic in Computer Science, 2004.},
  pages={415--425},
  year={2004},
  organization={IEEE}
}
@article{libkind2021operadic,
  title={Operadic modeling of dynamical systems: mathematics and computation},
  author={Libkind, Sophie and Baas, Andrew and Patterson, Evan and Fairbanks, James},
  note={Available at \url{https://arxiv.org/abs/2105.12282}},
  year={2021}
}
@article{spivak2013operad,
  title={The operad of wiring diagrams: formalizing a graphical language for databases, recursion, and plug-and-play circuits},
  author={Spivak, David I},
  note={Available at \url{https://arxiv.org/abs/1305.0297}},
  year={2013}
}
@article{vagner2014algebras,
  title={Algebras of open dynamical systems on the operad of wiring diagrams},
  author={Vagner, Dmitry and Spivak, David I and Lerman, Eugene},
  note={Available at \url{https://arxiv.org/abs/1408.1598}},
  year={2014}
}
@article{Baez2022structuredversus,
  doi = {10.32408/compositionality-4-3},
  url = {https://doi.org/10.32408/compositionality-4-3},
  title = {Structured versus {D}ecorated {C}ospans},
  author = {Baez, John C. and Courser, Kenny and Vasilakopoulou, Christina},
  journal = {{Compositionality}},
  issn = {2631-4444},
  publisher = {{Compositionality}},
  volume = {4},
  issue = {3},
  month = sep,
  year = {2022}
}
@article{fong2015decorated,
  title={Decorated Cospans},
  author={Fong, Brendan},
  journal={Theory \& Applications of Categories},
  volume={30},
  year={2015}
}
@article{katis1997bicategories,
  title={Bicategories of processes},
  author={Katis, Piergiulio and Sabadini, Nicoletta and Walters, Robert FC},
  journal={Journal of Pure and Applied Algebra},
  volume={115},
  number={2},
  pages={141--178},
  year={1997},
  publisher={Elsevier}
}
@inproceedings{katis1997span,
  title={Span(Graph): A categorical algebra of transition systems},
  author={Katis, Piergiulio and Sabadini, Nicoletta and Walters, Robert FC},
  booktitle={International Conference on Algebraic Methodology and Software Technology},
  pages={307--321},
  year={1997},
  organization={Springer}
}
@article{katis2002feedback,
  title={Feedback, trace and fixed-point semantics},
  author={Katis, Piergiulio and Sabadini, Nicoletta and Walters, Robert FC},
  journal={RAIRO-Theoretical Informatics and Applications},
  volume={36},
  number={2},
  pages={181--194},
  year={2002},
  publisher={EDP Sciences}
}
@inproceedings{lavore2021canonical,
  title={A canonical algebra of open transition systems},
  author={Di Lavore, Elena and Gianola, Alessandro and Rom{\'a}n, Mario and Sabadini, Nicoletta and Soboci{\'n}ski, Pawe{\l}},
  booktitle={International Conference on Formal Aspects of Component Software},
  pages={63--81},
  year={2021},
  organization={Springer}
}
@inproceedings{gianola2017cospan,
  title={Cospan/Span(Graph): an algebra for open, reconfigurable automata networks},
  author={Gianola, Alessandro and Kasangian, Stefano and Sabadini, Nicoletta},
  booktitle={7th Conference on Algebra and Coalgebra in Computer Science (CALCO 2017)},
  year={2017},
  organization={Schloss Dagstuhl-Leibniz-Zentrum fuer Informatik}
}
@article{baez2020open,
  title={Open petri nets},
  author={Baez, John C and Master, Jade},
  journal={Mathematical Structures in Computer Science},
  volume={30},
  number={3},
  pages={314--341},
  year={2020},
  publisher={Cambridge University Press}
}
@inproceedings{coecke2018picturing,
  title={Picturing quantum processes},
  author={Coecke, Bob and Kissinger, Aleks},
  booktitle={International Conference on Theory and Application of Diagrams},
  pages={28--31},
  year={2018},
  organization={Springer}
}
@book{rosen1978fundamentals,
  title={Fundamentals of measurement and representation of natural systems},
  author={Rosen, Robert},
  volume={1},
  year={1978},
  publisher={Elsevier Science Limited}
}
@inproceedings{fiadeiro2007structured,
  title={Structured co-spans: an algebra of interaction protocols},
  author={Fiadeiro, Jos{\'e} Luiz and Schmitt, Vincent},
  booktitle={International Conference on Algebra and Coalgebra in Computer Science},
  pages={194--208},
  year={2007},
  organization={Springer}
}
@incollection{giunti2012dynamical,
  title={Dynamical systems on monoids: Toward a general theory of deterministic systems and motion},
  author={Giunti, Marco and Mazzola, Claudio},
  booktitle={Methods, models, simulations and approaches towards a general theory of change},
  pages={173--185},
  year={2012},
  publisher={World Scientific}
}

@unpublished{spivak_generalized_2019,
	title = {Generalized {Lens} {Categories} via functors {$F: \mathcal C^{\rm op} \to \mathsf{Cat}$}},
	author = {Spivak, David I},
	year = {2019},
	annote = {arXiv preprint available at https://arxiv.org/1908.02202},
}
